@article{TehJorBea2006,
title=          "Hierarchical {D}irichlet Processes",
author=         "Y. W. Teh and M. I. Jordan and M. J. Beal and D. M. Blei",
journal=        "Journal of the ASA",
volume=         "101",
number=         "476",
pages=          "1566-1581",
year=           "2006"
}


@misc{TehNBMM21,
title=          "Nonparametric {B}ayesian Mixture Models - release 2.1",
author=         "Y. W. Teh",
howpublished = "\url{http://www.stats.ox.ac.uk/\~teh/software.html}",
  note = "MATLAB and C code [Online; accessed 18 {M}arch 2016]",
year=           "2004"
}
